%%% Biber accepts '%' for marking comments




@online{oracle21VritualThreads,
  author = {Oracle},
  title = {Java Core Libraries Developer Guide/Virtual Threads},
  langid={english},
  url = {https://docs.oracle.com/en/java/javase/21/core/virtual-threads.html#GUID-DC4306FC-D6C1-4BCC-AECE-48C32C1A8DAA},
  urldate = {2024-09-17},
}

@video{structuredConcurrency,
  author = {Oracle},
  title = { Project Loom - Structured Concurrency },
  langid={english},
  url = {https://youtu.be/0mXGfsy7_Qo},
  urldate = {2024-07-12},
  date = {2024-07-12},
}

@video{Continuations,
  author = {Oracle},
  title = {Continuations - Under the Covers \#JVMLS},
  langid={english},
  url = {https://youtu.be/6nRS6UiN7X0},
  urldate = {2023-08-26},
  date = {2023-08-26},
}



@video{AsyncStructuredConcurrency,
  author = {Oracle},
  title = { Java Asynchronous Programming Full Tutorial with Loom and Structured Concurrency - JEP Café \#13 },
  langid={english},
  url = {https://youtu.be/2nOj8MKHvmw},
  urldate = {2022-08-02},
  date = {2022-08-02},
}



@online{JEP453,
  author = {Ron Pressler and Alan Bateman},
  title = {JEP 453\: Structured Concurrency (Preview)},
  langid={english},
  url = {https://openjdk.org/jeps/453},
  date = {2023-04-21},
  
}

@online{JEP481,
  author = {Andrew Haley},
  title = {JEP 481\: Scoped Values (Third Preview)},
  langid={english},
  url = {https://openjdk.org/jeps/481},
  date = {2024-04-24},
}


@article{ieee2022,
  author = {A. Radovan and B. Mihaljević and L. Modrić and D. Beronić },
  title = {Comparison of Structured Concurrency Constructs in Java and Kotlin - Virtual Threads and Coroutines},
  journal = {IEEE Transactions on Computers},
  year = {2022},
  doi = {10.23919/MIPRO55190.2022.9803765}
}

% stacksize information
@online{ProjectLoom,
  author = {Ron Pressler},
  title = {State of Loom},
  year = {2020},
  url = {https://cr.openjdk.org/%7Erpressler/loom/loom/sol1_part1.html}
}

@online{JEP444,
  author = {Ron Pressler and Alan Bateman},
  title = {JEP 444\:Virtual Threads},
  langid={english},
  url = {https://openjdk.org/jeps/444},
  date = {2023-04-06},
}

@online{JEP425,
  author = {Ron Pressler and Alan Bateman},
  title = {JEP 425\:Virtual Threads(Preview)},
  langid={english},
  url = {https://openjdk.org/jeps/425},
  date = {2023-06-07},
}

@online{oracle21SC,
  author = {Oracle},
  title = {Java Core Libraries Developer Guide/Structured Concurrency},
  langid={english},
  url = {https://docs.oracle.com/en/java/javase/21/core/structured-concurrency.html#GUID-AA992944-AABA-4CBC-8039-DE5E17DE86DB},
  urldate = {2024-10-23},
}

@online{oracle21STS,
  author = {Oracle},
  title = {Class StructuredTaskScope<T>},
  langid={english},
  url = {https://docs.oracle.com/en/java/javase/21/docs/api/java.base/java/util/concurrent/StructuredTaskScope.html},
  urldate = {2024-10-23},
}

@online{oracle21Future,
  author = {Oracle},
  title = {Interface Future<V>},
  langid={english},
  url = {https://docs.oracle.com/en/java/javase/21/docs/api/java.base/java/util/concurrent/Future.html},
  urldate = {2024-11-12},
}

@online{oracle21Thread,
  author = {Oracle},
  title = {Class Thread},
  langid={english},
  url = {https://docs.oracle.com/en/java/javase/22/docs/api/java.base/java/lang/Thread.html},
  urldate = {2024-11-12},
}


@online{oracle22Builder,
  author = {Oracle},
  title = {Interface Thread.Builder.OfVirtual},
  langid={english},
  url = {https://docs.oracle.com/en/java/javase/22/docs/api/java.base/java/lang/Thread.Builder.OfVirtual.html},
  urldate = {2024-11-12},
}


@online{jvmSpecification,
  author = {Oracle},
  title = {Chapter 2. The Structure of the Java Virtual Machine},
  url = {https://docs.oracle.com/javase/specs/jvms/se22/html/jvms-2.html#jvms-2.5.2},
  langid = {english},
  urldate = {2024-11-12},
}

@online{stacksize,
  author = {Ali Dehghani and Eric Martin},
  title = {Configuring Stack Sizes in the JVM},
  langid={english},
  url = {https://www.baeldung.com/jvm-configure-stack-sizes},
  urldate = {2024-11-12},
}

@online{javaBlog,
  author = {Nicolai Parlog},
  title = {{Coming to Java 19: Virtual threads and platform threads}},
  langid={english},
  url = {https://blogs.oracle.com/javamagazine/post/java-loom-virtual-threads-platform-threads#:~:text=When%20the%20virtual%20thread%20is,shrink%20as%20the%20application%20runs.},
  date = {202-05-20},
  urldate = {2024-11-12},
}

@online{oracle22Carrier,
  author = {Oracle},
  title = {Class ScopedValue.Carrier},
  langid={english},
  url = {https://docs.oracle.com/en/java/javase/22/docs/api/java.base/java/lang/ScopedValue.Carrier.html},
  urldate = {2024-11-12},
}

@online{oracle22ScopedValue,
  author = {Oracle},
  title = {Class ScopedValue},
  langid={english},
  url = {https://docs.oracle.com/en/java/javase/22/docs/api/java.base/java/lang/ScopedValue.html},
  urldate = {2024-11-12},
}

@book{GrundKursBS,
	author={Peter Mandl},
	title={Grundkurs Betriebssysteme Architekturen, Betriebsmittelverwaltung, 
	Synchronisation, Prozesskommunikation, 
	Virtualisierung},
	publisher={Springer Vieweg},
	date={2020},
	langid={ngerman}
}

@online{Executors,
  author = {Oracle},
  title = {Class Executors},
  langid={english},
  url = {https://docs.oracle.com/javase/8/docs/api/java/util/concurrent/Executors.html#newCachedThreadPool--},
  urldate = {2024-11-12},
}


@online{ShutdownOnFailure,
  author = {Oracle},
  title = {Class StructuredTaskScope.ShutdownOnFailure},
  langid={english},
  url = {https://docs.oracle.com/en/java/javase/21/docs/api/java.base/java/util/concurrent/StructuredTaskScope.ShutdownOnFailure.html},
  urldate = {2024-02-12},
}

@online{ShutdownOnSuccess,
  author = {Oracle},
  title = {Class StructuredTaskScope.ShutdownOnSuccess<T>},
  langid={english},
  url = {https://docs.oracle.com/en/java/javase/21/docs/api/java.base/java/util/concurrent/StructuredTaskScope.ShutdownOnSuccess.html},
  urldate = {2024-02-12},
}

@online{ThreadPool,
  author = {Oracle},
  title = {Thread Pools},
  langid={english},
  url = {https://docs.oracle.com/javase/tutorial/essential/concurrency/pools.html},
  urldate = {2024-02-12},
}
